<?xml version="1.0" encoding="UTF-8"?>
<record xmlns="http://www.loc.gov/MARC21/slim">
   <leader>01176cam a2200289 a 4500</leader>
   <controlfield tag="001">2757324</controlfield>
   <controlfield tag="003">NjP</controlfield>
   <controlfield tag="005">20190710123713.0</controlfield>
   <controlfield tag="008">900329m18881890le            000 0 araod</controlfield>
   <datafield tag="024" ind1="7" ind2=" ">
      <subfield code="a">princeton_aco004103</subfield>
      <subfield code="2">local</subfield>
   </datafield>
   <datafield ind1=" " ind2=" " tag="035">
      <subfield code="a">2757324</subfield>
   </datafield>
   <datafield ind1=" " ind2=" " tag="040">
      <subfield code="a">CLE</subfield>
      <subfield code="c">PUL</subfield>
      <subfield code="d">PUL</subfield>
   </datafield>
   <datafield ind1=" " ind2=" " tag="035">
      <subfield code="9">CNF1157TS</subfield>
   </datafield>
   <datafield ind1=" " ind2=" " tag="035">
      <subfield code="a">(NjP)2757324</subfield>
   </datafield>
   <datafield ind1=" " ind2=" " tag="092">
      <subfield code="a">385.3A</subfield>
      <subfield code="b">Sa33</subfield>
   </datafield>
   <datafield ind1=" " ind2=" " tag="049">
      <subfield code="a">PULL</subfield>
   </datafield>
   <datafield ind1=" " ind2=" " tag="019">
      <subfield code="a">21280657</subfield>
      <subfield code="a">21281403</subfield>
      <subfield code="a">316549332</subfield>
      <subfield code="a">1004649085</subfield>
      <subfield code="a">1049412995</subfield>
   </datafield>
   <datafield ind1=" " ind2=" " tag="035">
      <subfield code="a">(OCoLC)ocm19387170</subfield>
      <subfield code="z">(OCoLC)ocm21280657</subfield>
      <subfield code="z">(OCoLC)ocm21281403</subfield>
      <subfield code="z">(OCoLC)ocn316549332</subfield>
      <subfield code="z">(OCoLC)on1004649085</subfield>
      <subfield code="z">(OCoLC)on1049412995</subfield>
   </datafield>
   <datafield ind1="0" ind2=" " tag="130">
      <subfield code="a">Arabian nights.</subfield>
      <subfield code="0">http://id.loc.gov/authorities/names/n80008548</subfield>
   </datafield>
   <datafield ind1="1" ind2="0" tag="245">
      <subfield code="6">880-01</subfield>
      <subfield code="a">Alf laylah wa-layah /</subfield>
      <subfield code="c">qad hadhdhabahu wa-saḥḥaḥahu aḥad min al-ābāʼ al-Yasūʻīyīn.</subfield>
   </datafield>
   <datafield ind1=" " ind2=" " tag="260">
      <subfield code="6">880-02</subfield>
      <subfield code="a">Bayrūt :</subfield>
      <subfield code="b">al-Maṭbaʻah al-Kāthūlīkīyah,</subfield>
      <subfield code="c">1888-90.</subfield>
   </datafield>
   <datafield ind1=" " ind2=" " tag="300">
      <subfield code="a">5 v. ;</subfield>
      <subfield code="c">22 cm.</subfield>
   </datafield>
   <datafield ind1="1" ind2="0" tag="880">
      <subfield code="6">245-01/r</subfield>
      <subfield code="a">الف ليلة ولية /</subfield>
      <subfield code="c">قد هذبه وسححه احد من الاباء اليسوعيين.</subfield>
   </datafield>
   <datafield ind1=" " ind2=" " tag="880">
      <subfield code="6">260-02/r</subfield>
      <subfield code="a">بيروت :</subfield>
      <subfield code="b">المطبعة الكاثوليكية،</subfield>
      <subfield code="c">1888-90.</subfield>
   </datafield>
   <datafield ind1=" " ind2=" " tag="911">
      <subfield code="a">20000130</subfield>
   </datafield>
   <datafield ind1=" " ind2=" " tag="994">
      <subfield code="a">C0</subfield>
      <subfield code="b">PUL</subfield>
   </datafield>
   <datafield ind1=" " ind2=" " tag="999">
      <subfield code="a">2757324</subfield>
   </datafield>
   <datafield ind1=" " ind2=" " tag="979">
      <subfield code="a">(OCoLC)ocn178249847</subfield>
   </datafield>
   <datafield ind1=" " ind2=" " tag="979">
      <subfield code="a">(OCoLC)ocm21280657</subfield>
   </datafield>
   <datafield ind1="8" ind2="1" tag="852">
      <subfield code="0">3068086</subfield>
      <subfield code="b">rcppa</subfield>
      <subfield code="t">1</subfield>
      <subfield code="h">2263.1888.2</subfield>
      <subfield code="x">tr fr f</subfield>
   </datafield>
   <datafield ind1=" " ind2="0" tag="866">
      <subfield code="0">3068086</subfield>
      <subfield code="8">0</subfield>
      <subfield code="a">v.4</subfield>
   </datafield>
   <datafield ind1=" " ind2=" " tag="959">
      <subfield code="a">2003-03-14 14:04:23 -0400</subfield>
   </datafield>
</record>
